@article{tsai_hung_2009, title={A fuzzy goal programming approach for green supply chain optimisation under activity-based costing and performance evaluation with a value-chain structure}, volume={47}, DOI={10.1080/00207540801932498}, number={18}, journal={International Journal of Production Research}, author={Tsai, W.-H. and Hung, Shih-Jieh}, year={2009}, pages={4991–5017}}

@article{srivastava_green_2007,
	title = {Green supply-chain management: {A} state-of-the-art literature review},
	volume = {9},
	issn = {1460-8545, 1468-2370},
	shorttitle = {Green supply-chain management},
	url = {http://doi.wiley.com/10.1111/j.1468-2370.2007.00202.x},
	doi = {10.1111/j.1468-2370.2007.00202.x},
	language = {en},
	number = {1},
	urldate = {2018-02-05},
	journal = {International Journal of Management Reviews},
	author = {Srivastava, Samir K.},
	month = mar,
	year = {2007},
	pages = {53--80}
}

@article{urvashi_green_2013,
	title = {Green {Supply} {Chain} {Model} with {Product} {Remanufacturing} under {Volume} {Flexible} {Environment}},
	volume = {10},
	issn = {22120173},
	url = {http://linkinghub.elsevier.com/retrieve/pii/S2212017313005094},
	doi = {10.1016/j.protcy.2013.12.355},
	language = {en},
	urldate = {2018-02-05},
	journal = {Procedia Technology},
	author = {{Urvashi} and Singh, S.R. and Singh, N.},
	year = {2013},
	pages = {216--226}
}

@article{ceschin_evolution_2016,
	title = {Evolution of design for sustainability: {From} product design to design for system innovations and transitions},
	volume = {47},
	issn = {0142694X},
	shorttitle = {Evolution of design for sustainability},
	url = {http://linkinghub.elsevier.com/retrieve/pii/S0142694X16300631},
	doi = {10.1016/j.destud.2016.09.002},
	language = {en},
	urldate = {2018-02-05},
	journal = {Design Studies},
	author = {Ceschin, Fabrizio and Gaziulusoy, Idil},
	month = nov,
	year = {2016},
	pages = {118--163}
}

@article{ongondo_how_2011,
	title = {How are {WEEE} doing? {A} global review of the management of electrical and electronic wastes},
	volume = {31},
	issn = {0956053X},
	shorttitle = {How are {WEEE} doing?},
	url = {http://linkinghub.elsevier.com/retrieve/pii/S0956053X10005659},
	doi = {10.1016/j.wasman.2010.10.023},
	language = {en},
	number = {4},
	urldate = {2018-02-06},
	journal = {Waste Management},
	author = {Ongondo, F.O. and Williams, I.D. and Cherrett, T.J.},
	month = apr,
	year = {2011},
	pages = {714--730},
	file = {1-s2.0-S0956053X10005659-main.pdf:/Users/marcorepetto/Zotero/storage/LXM57FT9/1-s2.0-S0956053X10005659-main.pdf:application/pdf}
}

@article{mula_mathematical_2010,
	title = {Mathematical programming models for supply chain production and transport planning},
	volume = {204},
	issn = {03772217},
	url = {http://linkinghub.elsevier.com/retrieve/pii/S0377221709005694},
	doi = {10.1016/j.ejor.2009.09.008},
	language = {en},
	number = {3},
	urldate = {2018-02-08},
	journal = {European Journal of Operational Research},
	author = {Mula, Josefa and Peidro, David and Daaz-Madroaero, Manuel and Vicens, Eduardo},
	month = aug,
	year = {2010},
	pages = {377--390}
}

@article{romo_optimizing_2009,
	title = {Optimizing the Norwegian Natural Gas Production and Transport},
	volume = {39},
	issn = {0092-2102, 1526-551X},
	url = {http://pubsonline.informs.org/doi/abs/10.1287/inte.1080.0414},
	doi = {10.1287/inte.1080.0414},
	language = {en},
	number = {1},
	urldate = {2018-02-08},
	journal = {Interfaces},
	author = {Romo, Frode and Tomasgard, Asgeir and Hellemo, Lars and Fodstad, Marte and Eidesen, Bjorgulf Haukelidsater and Pedersen, Birger},
	month = feb,
	year = {2009},
	pages = {46--56},
	file = {Optimizing_the_Norwegian_Natural_Gas_Production_an.pdf:/Users/marcorepetto/Zotero/storage/5ZZS4UWG/Optimizing_the_Norwegian_Natural_Gas_Production_an.pdf:application/pdf}
}

@article{jung_order_2008,
	title = {An order quantity negotiation model for distributor-driven supply chains},
	volume = {111},
	issn = {09255273},
	url = {http://linkinghub.elsevier.com/retrieve/pii/S0925527307000138},
	doi = {10.1016/j.ijpe.2006.12.054},
	language = {en},
	number = {1},
	urldate = {2018-02-08},
	journal = {International Journal of Production Economics},
	author = {Jung, Hosang and Jeong, Bongju and Lee, Chi-Guhn},
	month = jan,
	year = {2008},
	pages = {147--158}
}

@article{benjamin_analysis_1989,
	title = {An {Analysis} of {Inventory} and {Transportation} {Costs} in a {Constrained} {Network}},
	volume = {23},
	issn = {0041-1655, 1526-5447},
	url = {http://pubsonline.informs.org/doi/abs/10.1287/trsc.23.3.177},
	doi = {10.1287/trsc.23.3.177},
	language = {en},
	number = {3},
	urldate = {2018-02-08},
	journal = {Transportation Science},
	author = {Benjamin, Julian},
	month = aug,
	year = {1989},
	pages = {177--183}
}

@article{torabi_interactive_2008,
	title = {An interactive possibilistic programming approach for multiple objective supply chain master planning},
	volume = {159},
	issn = {01650114},
	url = {http://linkinghub.elsevier.com/retrieve/pii/S0165011407003739},
	doi = {10.1016/j.fss.2007.08.010},
	language = {en},
	number = {2},
	urldate = {2018-02-08},
	journal = {Fuzzy Sets and Systems},
	author = {Torabi, S.A. and Hassini, E.},
	month = jan,
	year = {2008},
	pages = {193--214}
}

@article{azimian_supply_2017,
	title = {Supply chain management through the stochastic goal programming model},
	volume = {251},
	issn = {0254-5330, 1572-9338},
	url = {http://link.springer.com/10.1007/s10479-015-2007-1},
	doi = {10.1007/s10479-015-2007-1},
	language = {en},
	number = {1-2},
	urldate = {2018-02-08},
	journal = {Annals of Operations Research},
	author = {Azimian, Alireza and Aouni, Belaid},
	month = apr,
	year = {2017},
	pages = {351--365},
	file = {10.1007-s10479-015-2007-1.pdf:/Users/marcorepetto/Zotero/storage/IRKTU747/10.1007-s10479-015-2007-1.pdf:application/pdf}
}

@article{Santoso_Ahmed_Goetschalckx_Shapiro_2005, 
 title={A stochastic programming approach for supply chain network design under uncertainty}, 
 volume={167}, 
 ISSN={03772217}, 
 DOI={10.1016/j.ejor.2004.01.046}, number={1}, 
 journal={European Journal of Operational Research}, 
 author={Santoso, Tjendera and Ahmed, Shabbir and Goetschalckx, Marc and Shapiro, Alexander}, 
 year={2005}, 
 month= nov, 
 pages={96–115}
}
@book{CompetitiveAdvantage,
   title =     {Competitive Advantage: Creating and Sustaining Superior Performance},
   author =    {Michael E. Porter},
   publisher = {Free Press},
   isbn =      {0684841460,9780684841465},
   year =      {1998},
   series =    {},
   edition =   {1},
   volume =    {},
}
@article{Zadeh_1965,
	title={Fuzzy sets},
	volume={8},
	ISSN={00199958},
	DOI={10.1016/S0019-9958(65)90241-X},
	number={3},
	journal={Information and Control},
	author={Zadeh, L.A.},
	year={1965},
	month={Jun},
	pages={338–353}}


