@article{tsai_hung_2009, title={A fuzzy goal programming approach for green supply chain optimisation under activity-based costing and performance evaluation with a value-chain structure}, volume={47}, DOI={10.1080/00207540801932498}, number={18}, journal={International Journal of Production Research}, author={Tsai, W.-H. and Hung, Shih-Jieh}, year={2009}, pages={4991â€“5017}}

@article{srivastava_green_2007,
	title = {Green supply-chain management: {A} state-of-the-art literature review},
	volume = {9},
	issn = {1460-8545, 1468-2370},
	shorttitle = {Green supply-chain management},
	url = {http://doi.wiley.com/10.1111/j.1468-2370.2007.00202.x},
	doi = {10.1111/j.1468-2370.2007.00202.x},
	language = {en},
	number = {1},
	urldate = {2018-02-05},
	journal = {International Journal of Management Reviews},
	author = {Srivastava, Samir K.},
	month = mar,
	year = {2007},
	pages = {53--80}
}

@article{urvashi_green_2013,
	title = {Green {Supply} {Chain} {Model} with {Product} {Remanufacturing} under {Volume} {Flexible} {Environment}},
	volume = {10},
	issn = {22120173},
	url = {http://linkinghub.elsevier.com/retrieve/pii/S2212017313005094},
	doi = {10.1016/j.protcy.2013.12.355},
	language = {en},
	urldate = {2018-02-05},
	journal = {Procedia Technology},
	author = {{Urvashi} and Singh, S.R. and Singh, N.},
	year = {2013},
	pages = {216--226}
}

@article{ceschin_evolution_2016,
	title = {Evolution of design for sustainability: {From} product design to design for system innovations and transitions},
	volume = {47},
	issn = {0142694X},
	shorttitle = {Evolution of design for sustainability},
	url = {http://linkinghub.elsevier.com/retrieve/pii/S0142694X16300631},
	doi = {10.1016/j.destud.2016.09.002},
	language = {en},
	urldate = {2018-02-05},
	journal = {Design Studies},
	author = {Ceschin, Fabrizio and Gaziulusoy, Idil},
	month = nov,
	year = {2016},
	pages = {118--163}
}

