This file was created with JabRef 2.0.1.
Encoding: Cp1252

@ARTICLE{caselli,
  author = {Ceselli Alberto,  Righini Giovanni},
  title = {A branch-and-price algorithm for the multilivel generalized assignment
	problem},
  journal = {Operations research},
  year = {2006},
  volume = {54},
  pages = {1172-1184},
  owner = {Massimo},
  timestamp = {2007.04.05},
}

@ARTICLE{SCAP,
  author = {P.M.D. Lieshout, A. Volgenant},
  title = {A branch-and-bound algorithm for the singly constraind assignement
	problem},
  journal = {European Journal of Operational Research},
  year = {2005},
  volume = {176},
  pages = {151-164},
  owner = {Massimo},
  timestamp = {2007.02.16},
}


